<?xml version="1.0" encoding="UTF-8"?><collection xmlns="http://www.loc.gov/MARC21/slim"><record><leader>00389nam--2200133-i-4500</leader><controlfield tag="001">000033631</controlfield><controlfield tag="002">20161230</controlfield><controlfield tag="005">20161230201039</controlfield><controlfield tag="008">060222s1000------------r-----000-0-eng-d</controlfield><datafield ind1=" " ind2=" " tag="080"><subfield code="a">62-52</subfield></datafield><datafield ind1=" " ind2=" " tag="100"><subfield code="a">Necula, Nicolae</subfield></datafield><datafield ind1=" " ind2=" " tag="245"><subfield code="a">Metode noi de sinteza a schemelor combinationale. reumatul tezei de doctorat</subfield></datafield><datafield ind1=" " ind2=" " tag="260"><subfield code="a">Bucuresti, Inst.Politehnic Gh.Gheorghiu Dej, 1968. 55p</subfield></datafield><datafield ind1=" " ind2=" " tag="852"><subfield code="a">28772</subfield></datafield></record></collection>